@article{mikolov2013,
  author    = {Mikolov, Tomas and Sutskever, Ilya and Chen, Kai and Corrado, G.s and Dean, Jeffrey},
  year      = {2013},
  month     = {10},
  pages     = {},
  title     = {Distributed Representations of Words and Phrases and their Compositionality},
  volume    = {26},
  journal   = {Advances in Neural Information Processing Systems}
}
