@article{mikolov2013,
  author    = {Mikolov, Tomas and Sutskever, Ilya and Chen, Kai and Corrado, G.s and Dean, Jeffrey},
  year      = {2013},
  month     = {10},
  pages     = {},
  title     = {Distributed Representations of Words and Phrases and their Compositionality},
  volume    = {26},
  journal   = {Advances in Neural Information Processing Systems}
}
@inproceedings{pennington2014,
  author = {Jeffrey Pennington and Richard Socher and Christopher D. Manning},
  booktitle = {Empirical Methods in Natural Language Processing (EMNLP)},
  title = {GloVe: Global Vectors for Word Representation},
  year = {2014},
  pages = {1532--1543},
  url = {http://www.aclweb.org/anthology/D14-1162},
}
@article{salton1986,
  title={Introduction to modern information retrieval},
  author={Salton, Gerard and McGill, Michael J},
  year={1986},
  publisher={McGraw-Hill, Inc.}
}
@misc{devlin2018,
    title={BERT: Pre-training of Deep Bidirectional Transformers for Language Understanding},
    author={Jacob Devlin and Ming-Wei Chang and Kenton Lee and Kristina Toutanova},
    year={2018},
    eprint={1810.04805},
    archivePrefix={arXiv},
    primaryClass={cs.CL}
}
@article{dumais2004,
author = {Dumais, Susan T.},
title = {Latent semantic analysis},
journal = {Annual Review of Information Science and Technology},
volume = {38},
number = {1},
pages = {188-230},
doi = {10.1002/aris.1440380105},
url = {https://asistdl.onlinelibrary.wiley.com/doi/abs/10.1002/aris.1440380105},
eprint = {https://asistdl.onlinelibrary.wiley.com/doi/pdf/10.1002/aris.1440380105},
year = {2004}
}
@misc{skopt,
title={scikit-optimize/scikit-optimize: v0.5.2 (Version v0.5.2)},
author={Tim Head, MechCoder, Gilles Louppe, Iaroslav Shcherbatyi, fcharras, Zé Vinícius, … Alexander Fabisch.},
year={2018},
doi={http://doi.org/10.5281/zenodo.1207017}

@article{go2009twitter,
  title={Twitter sentiment classification using distant supervision},
  author={Go, Alec and Bhayani, Richa and Huang, Lei},
  journal={CS224N project report, Stanford},
  volume={1},
  number={12},
  pages={2009},
  year={2009}
}
@article{shahriari2015taking,
  title={Taking the human out of the loop: A review of Bayesian optimization},
  author={Shahriari, Bobak and Swersky, Kevin and Wang, Ziyu and Adams, Ryan P and De Freitas, Nando},
  journal={Proceedings of the IEEE},
  volume={104},
  number={1},
  pages={148--175},
  year={2015},
  publisher={IEEE}
}

}